% This file was created with Citavi 6.4.0.35

@book{Boyer.1984,
 year = {1984},
 title = {Bayesian models in economic theory},
 address = {Amsterdam},
 volume = {5},
 publisher = {North-Holland},
 isbn = {0444865020},
 series = {Studies in Bayesian econometrics},
 editor = {Boyer, Marcel and Kihlstrom, Richard E.},
 file = {http://zbmath.org/?q=an:0614.00032}
}


@article{Glazer.1998,
 author = {Glazer, Jacob and Rubinstein, Ariel},
 year = {1998},
 title = {Motives and Implementation: On the Design of Mechanisms to Elicit Opinions},
 pages = {157--173},
 volume = {79},
 number = {2},
 issn = {00220531},
 journal = {Journal of Economic Theory},
 doi = {10.1006/jeth.1997.2385}
}


@book{Osborne.1994,
 author = {Osborne, Martin J. and Rubinstein, Ariel},
 year = {1994},
 title = {A course in game theory},
 address = {Cambridge, Massachusetts},
 publisher = {{MIT Press}},
 isbn = {0262150417},
 file = {http://zbmath.org/?q=an:1194.91003}
}


